@article{human:comp,
  title={Human computation},
  author={Law, E. and Ahn, L.},
  journal={Synthesis Lectures on Artificial Intelligence and Machine Learning},
  volume={5},
  number={3},
  year={2011},
  publisher={Morgan \& Claypool Publishers}
}

@inproceedings{paperboz,
  title={Answering search queries with CrowdSearcher},
  author={Bozzon, A. and Brambilla, M. and Ceri, S.},
  booktitle={Proceedings of the 21st international conference on World Wide Web},
  year={2012},
  organization={ACM}
}

@article{barabasi2001parasitic,
  title={Parasitic computing},
  author={Barab{\'a}si, A.L. and Freeh, V.W. and Jeong, H. and Brockman, J.B.},
  journal={Nature},
  volume={412},
  number={6850},
  year={2001},
  publisher={[London: Macmillan Journals], 1869-}
}
@misc{cogprints499,
  author = {Turing, A. M.},
  journal = {Mind},
  keywords = {Machinery},
  title = {Computing Machinery and Intelligence},
  volume = 59,
  year = 1950
}
@inproceedings{von2006peekaboom,
  title={Peekaboom: a game for locating objects in images},
  author={Von Ahn, L. and Liu, R. and Blum, M.},
  booktitle={Proceedings of the SIGCHI conference on Human Factors in computing systems},
  pages={55--64},
  year={2006},
  organization={ACM}
}
@inproceedings{von2004labeling,
  title={Labeling images with a computer game},
  author={Von Ahn, L. and Dabbish, L.},
  booktitle={Proceedings of the SIGCHI conference on Human factors in computing systems},
  pages={319--326},
  year={2004},
  organization={ACM}
}

@inproceedings{quinn2011human,
  title={Human computation: a survey and taxonomy of a growing field},
  author={Quinn, A.J. and Bederson, B.B.},
  booktitle={Proceedings of the 2011 annual conference on Human factors in computing systems},
  pages={1403--1412},
  year={2011},
  organization={ACM}
}

@article{dean2008mapreduce,
  title={MapReduce: Simplified data processing on large clusters},
  author={Dean, J. and Ghemawat, S.},
  journal={Communications of the ACM},
  volume={51},
  number={1},
  year={2008},
  publisher={ACM}
}


@inproceedings{little2010turkit,
  title={Turkit: human computation algorithms on mechanical turk},
  author={Little, G. and Chilton, L.B. and Goldman, M. and Miller, R.C.},
  booktitle={Proceedings of the 23nd annual ACM symposium on User interface software and technology},
  year={2010},
  organization={ACM}
}

@inproceedings{karame2011pay,
  title={Pay as you browse: microcomputations as micropayments in web-based services},
  author={Karame, G.O. and Francillon, A. and {\v{C}}apkun, S.},
  booktitle={Proceedings of the 20th international conference on World wide web},
  year={2011},
  organization={ACM}
}


@article{jenkin2008parasitic,
  title={Parasitic JavaScript},
  author={Jenkin, N.},
  year={2008}
}


@article{khronos2008opencl,
  title={The opencl specification},
  author={Khronos OpenCL Working Group and others},
  journal={A. Munshi, Ed},
  year={2008}
}

@article{webgl20112,
  title={2.0 for the Web},
  author={WebGL-OpenGL, ES},
  journal={Verkkodokumentti< http://www. khronos. org/webgl/>. Luettu},
  volume={16},
  year={2011}
}








% Link list
@online{turk,
  title = {MTurk},
  date  = {2012},
  url   = {http://www.mturk.com/},
}
@online{jquery,
  title = {jQuery},
  date  = {2012},
  url   = {http://www.jquery.com/},
}

@online{emscripten,
  title = {Emscripten},
  date  = {2012},
  url   = {http://emscripten.org/},
}
@online{modernizr,
  title = {Modernizr},
  date  = {2012},
  url   = {http://modernizr.com/},
}
@online{gwt,
  title = {Google Web Toolkit},
  date  = {2012},
  url   = {https://developers.google.com/web-toolkit/},
}
@online{socket.io,
  title = {Socket.io},
  date  = {2012},
  url   = {http://socket.io/},
}

@online{foldit,
  title = {FoldIt},
  date  = {2012},
  url   = {http://fold.it/},
}